<?xml version="1.0" encoding="UTF-8"?><collection xmlns="http://www.loc.gov/MARC21/slim"><record><leader>00584nam--2200181-i-4500</leader><controlfield tag="001">000008485</controlfield><controlfield tag="002">20161230</controlfield><controlfield tag="005">20161230201027</controlfield><controlfield tag="008">060222s1000------------r-----000-0-eng-d</controlfield><datafield ind1=" " ind2=" " tag="040"><subfield code="a">IFIN-HH</subfield></datafield><datafield ind1=" " ind2=" " tag="080"><subfield code="a">543.53</subfield></datafield><datafield ind1="1" ind2=" " tag="100"><subfield code="a">Baumgartner, Franz</subfield></datafield><datafield ind1="1" ind2="0" tag="245"><subfield code="a">Tabelle zur neutronenaktivierung. table of neutron activation constants. englische ubersetzung des textes von harald ramdohr</subfield><subfield code="c">Franz baumgartner</subfield></datafield><datafield ind1=" " ind2=" " tag="260"><subfield code="a">Munchen</subfield><subfield code="b">Verlag Karl Thiemig</subfield><subfield code="c">1967</subfield></datafield><datafield ind1=" " ind2=" " tag="300"><subfield code="a">47 P</subfield></datafield><datafield ind1=" " ind2=" " tag="490"><subfield code="a">Buchreihe Der Atomkernenergie Band 4</subfield></datafield><datafield ind1=" " ind2=" " tag="852"><subfield code="a">28651</subfield><subfield code="c">53.081</subfield></datafield><datafield ind1=" " ind2=" " tag="CAT"><subfield code="a">Sys</subfield><subfield code="c">20160329</subfield><subfield code="h">142354</subfield></datafield></record></collection>